<record><leader>00000cas a22000007a 4500</leader><controlfield tag="001">10170467</controlfield><controlfield tag="008">831129d18731873utuwr ne      0    0eng d</controlfield><controlfield tag="009">3768</controlfield><datafield ind1=" " ind2=" " tag="010"><subfield code="a">sn 83021454 </subfield></datafield><datafield ind1=" " ind2=" " tag="040"><subfield code="a">NPX</subfield><subfield code="b">eng</subfield><subfield code="c">NPX</subfield><subfield code="d">NPU</subfield><subfield code="d">DLC</subfield><subfield code="d">NPV</subfield><subfield code="d">YOX</subfield><subfield code="d">NYG</subfield><subfield code="d">CNK</subfield><subfield code="d">KRTAS</subfield></datafield><datafield ind1=" " ind2=" " tag="042"><subfield code="a">msc</subfield></datafield><datafield ind1="0" ind2=" " tag="130"><subfield code="a">Salt Lake tribune (Salt Lake City, Utah : 1873)</subfield></datafield><datafield ind1="0" ind2="0" tag="245"><subfield code="a">Salt Lake tribune.</subfield></datafield><datafield ind1="1" ind2="3" tag="246"><subfield code="a">Weekly tribune</subfield></datafield><datafield ind1=" " ind2=" " tag="260"><subfield code="a">Salt Lake City, Utah :</subfield><subfield code="b">Tribune Pub. Co.,</subfield></datafield><datafield ind1=" " ind2=" " tag="300"><subfield code="a">v.</subfield></datafield><datafield ind1=" " ind2=" " tag="310"><subfield code="a">Weekly</subfield></datafield><datafield ind1="0" ind2=" " tag="362"><subfield code="a">Vol. 4, no. 43 (Nov. 1, 1873)-</subfield></datafield><datafield ind1="1" ind2=" " tag="362"><subfield code="a">Ceased in Nov. 1873.</subfield></datafield><datafield ind1=" " ind2=" " tag="752"><subfield code="a">United States</subfield><subfield code="b">Utah</subfield><subfield code="c">Salt Lake</subfield><subfield code="d">Salt Lake City.</subfield></datafield><datafield ind1="0" ind2=" " tag="775"><subfield code="t">Salt Lake daily tribune</subfield><subfield code="w">(DLC)sn 83021453</subfield></datafield><datafield ind1="0" ind2="0" tag="780"><subfield code="t">Salt Lake leader (Salt Lake City, Utah : 1873)</subfield><subfield code="w">(DLC)sn  85058151</subfield><subfield code="w">(OCoLC)12185239</subfield></datafield><datafield ind1="0" ind2="0" tag="785"><subfield code="t">Salt Lake weekly tribune (Salt Lake City, Utah : 1873)</subfield><subfield code="w">(DLC)sn 85058152</subfield><subfield code="w">(OCoLc)12185235</subfield></datafield><datafield ind1=" " ind2=" " tag="938"><subfield code="a">Kirtas Technologies, Inc.</subfield><subfield code="b">KRTS</subfield><subfield code="n">737917</subfield></datafield></record>